%% This BibTeX bibliography file was created using BibDesk.
%% http://bibdesk.sourceforge.net/


%% Created for Jennifer Blight at 2014-04-07 12:41:24 -0400 


%% Saved with string encoding Unicode (UTF-8) 



@electronic{kinect2,
	Author = {Amin, Suril},
	Date-Added = {2014-04-07 16:40:58 +0000},
	Date-Modified = {2014-04-07 16:40:58 +0000},
	Howpublished = {Online},
	Month = {Nov},
	Organization = {Microsoft News},
	Owner = {Owner},
	Timestamp = {2014.04.05},
	Title = {Kinect For Windows v2 Launches Summer 2014},
	Url = {http://microsoft-news.com/kinect-for-windows-v2-launches-summer-2014/},
	Year = {2013},
	Bdsk-Url-1 = {http://microsoft-news.com/kinect-for-windows-v2-launches-summer-2014/}}

@article{adaptiveSegmentation,
	Author = {Deshmukh, K.S. and Shinde, G.N.},
	Date-Added = {2014-04-07 16:40:58 +0000},
	Date-Modified = {2014-04-07 16:40:58 +0000},
	Journal = {Electronic Letters on Computer Vision and Image Analysis 5},
	Owner = {Owner},
	Pages = {12-23},
	Timestamp = {2014.04.05},
	Title = {An Adaptive Color Image Segmentation},
	Volume = {4},
	Year = {2005}}

@misc{handkinetics,
	Date-Added = {2014-04-07 16:40:58 +0000},
	Date-Modified = {2014-04-07 16:40:58 +0000},
	Howpublished = {Online},
	Owner = {Owner},
	Timestamp = {2014.04.05},
	Title = {Hand kinetics},
	Url = {http://handkinetics.com/},
	Bdsk-Url-1 = {http://handkinetics.com/}}

@electronic{logitech2014,
	Date-Added = {2014-04-07 16:40:58 +0000},
	Date-Modified = {2014-04-07 16:40:58 +0000},
	Howpublished = {Online},
	Organization = {Logitech},
	Owner = {Owner},
	Timestamp = {2014.04.05},
	Title = {Logitech Webcams},
	Url = {http://www.logitech.com/en-ca/webcam-communications/webcams},
	Bdsk-Url-1 = {http://www.logitech.com/en-ca/webcam-communications/webcams}}

@misc{Tuiokinect,
	Date-Added = {2014-04-07 16:40:58 +0000},
	Date-Modified = {2014-04-07 16:40:58 +0000},
	Howpublished = {Online},
	Owner = {Owner},
	Timestamp = {2014.04.05},
	Title = {Tuiokinect},
	Url = {https://code.google.com/p/tuiokinect/},
	Bdsk-Url-1 = {https://code.google.com/p/tuiokinect/}}

@electronic{iSight2014,
	Date-Added = {2014-04-07 16:40:58 +0000},
	Date-Modified = {2014-04-07 16:40:58 +0000},
	Howpublished = {Online},
	Organization = {Apple Inc.},
	Owner = {Owner},
	Timestamp = {2014.04.05},
	Title = {iMac G5 (iSight) - Technical Specifications},
	Url = {http://support.apple.com/kb/sp40},
	Year = {2014},
	Bdsk-Url-1 = {http://support.apple.com/kb/sp40}}

@electronic{kinect2capabilities,
	Date-Added = {2014-04-07 16:40:58 +0000},
	Date-Modified = {2014-04-07 16:40:58 +0000},
	Organization = {Microsoft Corporation},
	Owner = {Owner},
	Timestamp = {2014.04.05},
	Title = {Kinect for Windows - Frequently asked questions},
	Url = {http://www.microsoft.com/en-us/kinectforwindows/Faq.aspx},
	Year = {2014},
	Bdsk-Url-1 = {http://www.microsoft.com/en-us/kinectforwindows/Faq.aspx}}

@electronic{kinectResellers,
	Date-Added = {2014-04-07 16:40:58 +0000},
	Date-Modified = {2014-04-07 16:40:58 +0000},
	Howpublished = {Online},
	Organization = {Microsoft Corporation},
	Owner = {Owner},
	Timestamp = {2014.04.05},
	Title = {Kinect for Windows Resellers},
	Url = {http://www.microsoft.com/en-us/kinectforwindows/purchase/resellers.aspx},
	Year = {2014},
	Bdsk-Url-1 = {http://www.microsoft.com/en-us/kinectforwindows/purchase/resellers.aspx}}

@electronic{fingertips,
	Date-Added = {2014-04-07 16:40:58 +0000},
	Date-Modified = {2014-04-07 16:40:58 +0000},
	Howpublished = {Online},
	Owner = {Owner},
	Timestamp = {2014.04.05},
	Title = {Fingertip detection via OpenNI},
	Url = {http://fingertip.codeplex.com/},
	Year = {2011},
	Bdsk-Url-1 = {http://fingertip.codeplex.com/}}

@article{LeeKim,
	Author = {Lee, Hyeon-Kyu and Kim, Jin-Hyung},
	Date-Added = {2014-04-07 16:19:21 +0000},
	Date-Modified = {2014-04-07 16:19:28 +0000},
	Journal = {Pattern Analysis and Machine Intelligence, IEEE Transactions on},
	Number = {10},
	Pages = {961--973},
	Publisher = {IEEE},
	Title = {An HMM-based threshold model approach for gesture recognition},
	Volume = {21},
	Year = {1999}}

@inproceedings{opto2,
	Author = {Chau, CW and Kwong, S and Diu, CK and Fahrner, WR},
	Booktitle = {Acoustics, Speech, and Signal Processing, 1997. ICASSP-97., 1997 IEEE International Conference on},
	Date-Added = {2014-04-07 16:18:45 +0000},
	Date-Modified = {2014-04-07 16:18:50 +0000},
	Organization = {IEEE},
	Pages = {1727--1730},
	Title = {Optimization of HMM by a genetic algorithm},
	Volume = {3},
	Year = {1997}}

@article{opto1,
	Author = {Freitag, Dayne and McCallum, Andrew},
	Date-Added = {2014-04-07 16:18:17 +0000},
	Date-Modified = {2014-04-07 16:18:25 +0000},
	Journal = {AAAI/IAAI},
	Pages = {584--589},
	Title = {Information extraction with HMM structures learned by stochastic optimization},
	Volume = {2000},
	Year = {2000}}

@article{Teh,
	Author = {Teh, C.-H. and Chin, R.T.},
	Date-Added = {2013-12-09 05:29:13 +0000},
	Date-Modified = {2013-12-09 05:29:17 +0000},
	Doi = {10.1109/34.3913},
	Issn = {0162-8828},
	Journal = {Pattern Analysis and Machine Intelligence, IEEE Transactions on},
	Keywords = {pattern recognition;picture processing;Legendre moments;Zernike moments;complex moments;image analysis;image-representation;information redundancy;noise sensitivity;pattern recognition;picture processing;regular moments;rotational moments;Image analysis;Image recognition;Image reconstruction;Image representation;Image sampling;Moment methods;Pattern analysis;Pattern recognition;Polynomials;Stochastic resonance},
	Number = {4},
	Pages = {496-513},
	Title = {On image analysis by the methods of moments},
	Volume = {10},
	Year = {1988},
	Bdsk-Url-1 = {http://dx.doi.org/10.1109/34.3913}}

@webpage{kinetics,
	Date-Added = {2013-12-09 05:23:29 +0000},
	Date-Modified = {2013-12-09 05:24:10 +0000},
	Lastchecked = {October 2013},
	Title = {Hand Kinetics},
	Url = {http://handkinetics.com/},
	Bdsk-Url-1 = {http://handkinetics.com/}}

@webpage{tuio,
	Date-Added = {2013-12-09 05:22:26 +0000},
	Date-Modified = {2013-12-09 05:22:53 +0000},
	Lastchecked = {October 2012},
	Title = {TuioKinect},
	Url = {https://code.google.com/p/tuiokinect/},
	Bdsk-Url-1 = {https://code.google.com/p/tuiokinect/}}

@webpage{forth,
	Author = {FORTH},
	Date-Added = {2013-12-09 05:18:21 +0000},
	Date-Modified = {2013-12-09 05:21:31 +0000},
	Lastchecked = {October 2013},
	Title = {Kinect 3D Hand Tracking},
	Url = {http://cvrlcode.ics.forth.gr/handtracking/},
	Bdsk-Url-1 = {http://cvrlcode.ics.forth.gr/handtracking/}}

@inproceedings{Liu,
	Author = {Liu, Jingjing and Liu, Bo and Zhang, Shaoting and Yang, Fei and Yang, Peng and Metaxas, Dimitris N and Neidle, Carol},
	Booktitle = {IEEE International Conference on Automatic Face and Gesture Recognition},
	Date-Added = {2013-12-09 05:16:50 +0000},
	Date-Modified = {2013-12-09 05:16:53 +0000},
	Title = {Recognizing eyebrow and periodic head gestures using CRFs for non-manual grammatical marker detection in ASL},
	Year = {2013}}

@inproceedings{Moni,
	Author = {Moni, M. A. and Ali, A.B.M.S.},
	Booktitle = {Computer Science and Information Technology, 2009. ICCSIT 2009. 2nd IEEE International Conference on},
	Date-Added = {2013-12-09 05:15:54 +0000},
	Date-Modified = {2013-12-09 05:15:59 +0000},
	Doi = {10.1109/ICCSIT.2009.5234536},
	Keywords = {computer vision;gesture recognition;hidden Markov models;human computer interaction;image motion analysis;time series;virtual reality;HMM-based hand gesture recognition;continuous hand motion;expressive communication;hidden Markov model;human intention;human-computer interaction;industry machine control;machine vision;nonverbal communication;sequential time series;sign language recognition;virtual reality system;Australia;Cameras;Character recognition;Handicapped aids;Hidden Markov models;Humans;Image recognition;Natural languages;Virtual reality;Vocabulary;Hand gesture recognition;Hidden Markov Model;sign language recognition},
	Pages = {433-437},
	Title = {HMM based hand gesture recognition: A review on techniques and approaches},
	Year = {2009},
	Bdsk-Url-1 = {http://dx.doi.org/10.1109/ICCSIT.2009.5234536}}

@article{Elmezain,
	Author = {Elmezain, Mahmoud and Al-Hamadi, Ayoub and Appenrodt, J{\"o}rg and Michaelis, Bernd},
	Date-Added = {2013-12-09 05:15:07 +0000},
	Date-Modified = {2013-12-09 05:15:13 +0000},
	Journal = {International Journal of Electrical, Computer, and Systems Engineering},
	Number = {3},
	Pages = {156--163},
	Title = {A hidden markov model-based isolated and meaningful hand gesture recognition},
	Volume = {3},
	Year = {2009}}

@inproceedings{Agarwal,
	Author = {Agarwal, A. and Thakur, M.K.},
	Booktitle = {Contemporary Computing (IC3), 2013 Sixth International Conference on},
	Date-Added = {2013-12-09 05:14:02 +0000},
	Date-Modified = {2013-12-09 05:14:08 +0000},
	Doi = {10.1109/IC3.2013.6612186},
	Keywords = {computer vision;learning (artificial intelligence);pattern classification;sign language recognition;support vector machines;Microsoft Kinect camera;characteristic depth;computer vision algorithms;depth images;feature matrix;machine learning;motion profile;multiclass SVM classifier;sign language gesture;sign language recognition system;Accuracy;Assistive technology;Feature extraction;Gesture recognition;Kernel;Support vector machines;Training;computer vision;gesture recognition;kernel;machine learning;sign language recognition;support vector machine},
	Pages = {181-185},
	Title = {Sign language recognition using Microsoft Kinect},
	Year = {2013},
	Bdsk-Url-1 = {http://dx.doi.org/10.1109/IC3.2013.6612186}}

@article{Oz,
	Author = {Cemil Oz and Ming C. Leu},
	Date-Added = {2013-12-09 05:12:43 +0000},
	Date-Modified = {2013-12-09 05:31:02 +0000},
	Doi = {http://dx.doi.org/10.1016/j.engappai.2011.06.015},
	Issn = {0952-1976},
	Journal = {Engineering Applications of Artificial Intelligence},
	Keywords = {Artificial Neural Networks (ANNs)},
	Number = {7},
	Pages = {1204 - 1213},
	Title = {American Sign Language word recognition with a sensory glove using artificial neural networks},
	Volume = {24},
	Year = {2011},
	Bdsk-Url-1 = {http://www.sciencedirect.com/science/article/pii/S0952197611001230},
	Bdsk-Url-2 = {http://dx.doi.org/10.1016/j.engappai.2011.06.015}}

@inproceedings{Shira,
	Author = {Shiravandi, S. and Rahmati, M. and Mahmoudi, F.},
	Booktitle = {AI Robotics and 5th RoboCup Iran Open International Symposium (RIOS), 2013 3rd Joint Conference of},
	Date-Added = {2013-12-09 05:11:27 +0000},
	Date-Modified = {2013-12-09 05:11:33 +0000},
	Doi = {10.1109/RIOS.2013.6595318},
	Keywords = {Kalman filters;belief networks;face recognition;feature extraction;fuzzy set theory;gesture recognition;image classification;image segmentation;object detection;skin;support vector machines;Kalman filter;direction histogram method;dynamic Bayesian networks;dynamic hand gesture recognition;face segmentation;fuzzy SVM classifier;gesture feature;hand posture recognition;hand segmentation;skin detection;Bayes methods;Face;Filtering algorithms;Gesture recognition;Hidden Markov models;Histograms;Skin;Bayesian dynamic networks;Kalman's filter;Optical flow;SMP algorithm;fuzzy SVM classification;hand gestures recognition;skin Detection},
	Pages = {1-6},
	Title = {Hand gestures recognition using dynamic Bayesian networks},
	Year = {2013},
	Bdsk-Url-1 = {http://dx.doi.org/10.1109/RIOS.2013.6595318}}

@article{Chai,
	Author = {Chai, Xiujuan and Li, Guang and Lin, Yushun and Xu, Zhihao and Tang, Yili and Chen, Xilin and Zhou, Ming},
	Date-Added = {2013-12-09 05:09:17 +0000},
	Date-Modified = {2013-12-09 05:09:27 +0000},
	Title = {Sign Language Recognition and Translation with Kinect},
	Year = {2013}}

@inproceedings{Zafrulla,
	Author = {Zafrulla, Z. and Brashear, H. and Pei Yin and Presti, P. and Starner, T. and Hamilton, H.},
	Booktitle = {Pattern Recognition (ICPR), 2010 20th International Conference on},
	Date-Added = {2013-12-09 05:07:40 +0000},
	Date-Modified = {2013-12-09 05:07:51 +0000},
	Doi = {10.1109/ICPR.2010.937},
	Issn = {1051-4651},
	Keywords = {computational linguistics;computer games;educational aids;handicapped aids;hearing;hidden Markov models;American sign language phrase verification;CopyCat;context information;deaf children;educational game;hidden Markov models;live game play;probability;rejection threshold;sign linguist;Accelerometers;Accuracy;Games;Handicapped aids;Hidden Markov models;USA Councils;Vocabulary;American Sign Language (ASL);HMM;Verfication},
	Pages = {3846-3849},
	Title = {American Sign Language Phrase Verification in an Educational Game for Deaf Children},
	Year = {2010},
	Bdsk-Url-1 = {http://dx.doi.org/10.1109/ICPR.2010.937}}

@article{Accele2,
	Author = {Linda Dailey Paulsen},
	Date-Added = {2013-12-09 05:03:40 +0000},
	Date-Modified = {2013-12-09 05:06:28 +0000},
	Journal = {Computer Magazine},
	Lastchecked = {October 2013},
	Month = {January},
	Title = {Company Releases Programmable, Versatile Open Source Data Glove},
	Url = {http://www.computer.org/csdl/mags/co/2010/01/05398777.pdf},
	Year = {2010},
	Bdsk-Url-1 = {http://www.computer.org/csdl/mags/co/2010/01/05398777.pdf}}

@inproceedings{Accele,
	Author = {Hernandez-Rebollar, Jose L and Kyriakopoulos, Nicholas and Lindeman, Robert W},
	Booktitle = {ACM SIGGRAPH 2002 conference abstracts and applications},
	Date-Added = {2013-12-09 04:58:21 +0000},
	Date-Modified = {2013-12-09 04:58:34 +0000},
	Organization = {ACM},
	Pages = {259--259},
	Title = {The AcceleGlove: a whole-hand input device for virtual reality},
	Year = {2002}}

@webpage{Expression,
	Date-Added = {2013-12-09 04:28:16 +0000},
	Date-Modified = {2013-12-09 04:56:34 +0000},
	Lastchecked = {October 2013},
	Title = {American Sign Language},
	Url = {www.deafexpressions.net/american_sign_language.htm},
	Bdsk-Url-1 = {www.deafexpressions.net/american_sign_language.htm}}

@webpage{ASLU,
	Date-Added = {2013-12-09 04:25:54 +0000},
	Date-Modified = {2013-12-09 04:56:27 +0000},
	Lastchecked = {October 2013},
	Title = {American Sign Language: Nonmanual Markers (NMMs)},
	Url = {http://lifeprint.com/asl101/pages-layout/nonmanualmarkers.htm},
	Bdsk-Url-1 = {http://lifeprint.com/asl101/pages-layout/nonmanualmarkers.htm}}
